@article{myerson,
  title={Optimal auction design},
  author={Myerson, Roger B},
  journal={Mathematics of operations research},
  volume={6},
  number={1},
  pages={58--73},
  year={1981},
  publisher={INFORMS}
}
@inproceedings{primary,
  title={Revenue Maximization for Buyers with Costly Participation},
  author={Gonczarowski, Yannai A and Immorlica, Nicole and Li, Yingkai and Lucier, Brendan},
  booktitle={Proceedings of the 2024 Annual ACM-SIAM Symposium on Discrete Algorithms (SODA)},
  pages={41--73},
  year={2024},
  organization={SIAM}
}