@article{myerson,
  title={Optimal auction design},
  author={Myerson, Roger B},
  journal={Mathematics of operations research},
  volume={6},
  number={1},
  pages={58--73},
  year={1981},
  publisher={INFORMS}
}
@inproceedings{primary,
  title={Revenue Maximization for Buyers with Costly Participation},
  author={Gonczarowski, Yannai A and Immorlica, Nicole and Li, Yingkai and Lucier, Brendan},
  booktitle={Proceedings of the 2024 Annual ACM-SIAM Symposium on Discrete Algorithms (SODA)},
  pages={41--73},
  year={2024},
  organization={SIAM}
}
@article{alaei2014bayesian,
  title={Bayesian combinatorial auctions: Expanding single buyer mechanisms to many buyers},
  author={Alaei, Saeed},
  journal={SIAM Journal on Computing},
  volume={43},
  number={2},
  pages={930--972},
  year={2014},
  publisher={SIAM}
}
@article{alaei2012bayesian,
  title={Bayesian optimal auctions via multi-to single-agent reduction},
  author={Alaei, Saeed and Fu, Hu and Haghpanah, Nima and Hartline, Jason and Malekian, Azarakhsh},
  journal={arXiv preprint arXiv:1203.5099},
  year={2012}
}